<?xml version="1.0" encoding="UTF-8"?><collection xmlns="http://www.loc.gov/MARC21/slim"><record><leader>00495nam--2200157-i-4500</leader><controlfield tag="001">000043259</controlfield><controlfield tag="002">20161230</controlfield><controlfield tag="005">20161230201043</controlfield><controlfield tag="008">060222s1000------------r-----000-0-eng-d</controlfield><datafield ind1=" " ind2=" " tag="040"><subfield code="a">IFIN-HH</subfield></datafield><datafield ind1=" " ind2=" " tag="080"><subfield code="a">532.5:621.039.524.4</subfield></datafield><datafield ind1=" " ind2=" " tag="100"><subfield code="a">Svanholm,K</subfield></datafield><datafield ind1=" " ind2=" " tag="245"><subfield code="a">An analysis of density wave instabilities by means of graphical computations</subfield></datafield><datafield ind1=" " ind2=" " tag="260"><subfield code="a">OSLO, ROYAL NORWEGIAN COUNCIL FOR SCIENTIFIC INDUSTRIAL RESEARCH, 1987. XIV+162 p</subfield></datafield><datafield ind1=" " ind2=" " tag="852"><subfield code="a">79476</subfield><subfield code="c">518.12</subfield></datafield><datafield ind1=" " ind2=" " tag="CAT"><subfield code="a">Sys</subfield><subfield code="c">20090706</subfield><subfield code="h">064746</subfield></datafield></record></collection>